@PREAMBLE{
 "\providecommand{\noopsort}[1]{}" 
 # "\providecommand{\singleletter}[1]{#1}%" 
}

@article{Bonila2019,
  title = {Active Ornstein-Uhlenbeck particles},
  author = {Bonilla, L. L.},
  journal = {Phys. Rev. E},
  volume = {100},
  issue = {2},
  pages = {022601},
  numpages = {12},
  year = {2019},
  month = {Aug},
  publisher = {American Physical Society},
  doi = {10.1103/PhysRevE.100.022601},
  url = {https://link.aps.org/doi/10.1103/PhysRevE.100.022601}
}

@article{Yongjae2023,
  title = {Effects of the self-propulsion parity on the efficiency of a fuel-consuming active heat engine},
  author = {Oh, Yongjae and Baek, Yongjoo},
  journal = {Phys. Rev. E},
  volume = {108},
  issue = {2},
  pages = {024602},
  numpages = {19},
  year = {2023},
  month = {Aug},
  publisher = {American Physical Society},
  doi = {10.1103/PhysRevE.108.024602},
  url = {https://link.aps.org/doi/10.1103/PhysRevE.108.024602}
}

@article{Martin2021,
  title = {Statistical mechanics of active Ornstein-Uhlenbeck particles},
  author = {Martin, David and O'Byrne, J\'er\'emy and Cates, Michael E. and Fodor, \'Etienne and Nardini, Cesare and Tailleur, Julien and van Wijland, Fr\'ed\'eric},
  journal = {Phys. Rev. E},
  volume = {103},
  issue = {3},
  pages = {032607},
  numpages = {25},
  year = {2021},
  month = {Mar},
  publisher = {American Physical Society},
  doi = {10.1103/PhysRevE.103.032607},
  url = {https://link.aps.org/doi/10.1103/PhysRevE.103.032607}
}

@article{nwl21,
author = {Nguyen, G. P. and Wittmann, R. and L{"o}wen, H.},
journal = {Journal of Physics: Condensed Matter},
number = {3},
pages = {035101},
title = {Active Ornstein--Uhlenbeck model for self-propelled particles with inertia},
volume = {34},
year = {2021},
}

@article{el14,
author = {Eab, C. H. and Lim, S. C.},
journal = {Journal of Physics A: Mathematical and Theoretical},
number = {49},
pages = {495203},
title = {Fokker--Planck equation and path integral representation of the fractional Ornstein--Uhlenbeck process with two indices},
volume = {47},
year = {2014},
}

@unpublished{KimChoe23,
author = {Kim, K. W. and Choe, Y. and Baek, Y.},
note = {preprint},
title = {Generic symmetry-breaking motility in active fluids. arXiv},
year = {2023},
archivePrefix = {arXiv},
eprint = {2304.01645},
}

@article{ssbmv22,
author = {Shankar, S. and Souslov, A. and Bowick, M. J. and Marchetti, M. C. and Vitelli, V.},
journal = {Nature Reviews Physics},
number = {6},
pages = {380-398},
title = {Topological active matter},
volume = {4},
year = {2022},
}